
@techreport{the_victorian_traditional_owner_cultural_fire_knowledge_group_victorian_2021,
	address = {Victoria, Australia},
	title = {The {Victorian} {Traditional} {Owner} {Cultural} {Fire} {Strategy}},
	url = {https://knowledge.aidr.org.au/media/6817/fireplusstrategyplusfinal.pdf},
	urldate = {2021-12-15},
	institution = {DEWLP},
	author = {The Victorian Traditional Owner Cultural Fire Knowledge Group},
	year = {2021},
	pages = {32},
}
