
@techreport{szetey_forrest_2020,
	address = {Victoria, Australia},
	title = {The {Forrest} and {District} {Plan}: {Towards} 2030},
	copyright = {Creative Commons Attribution-NonCommercial-ShareAlike 4.0 International License (CC-BY-NC-SA)},
	url = {https://www.forrestvictoria.com/wp-content/uploads/pdf/FDP2030-web.pdf},
	author = {Szetey, Katrina and Ashton, Emma and Bradshaw, Sharon},
	year = {2020},
	file = {Szetey et al. - 2020 - The Forrest and District Plan Towards 2030.pdf:C\:\\Users\\szeteyka\\Zotero\\storage\\8KUG9K2A\\Szetey et al. - 2020 - The Forrest and District Plan Towards 2030.pdf:application/pdf},
}
