
@techreport{rydzak_felix3_2013,
	address = {Austria},
	title = {{FeliX3} – {Impact} {Assessment} {Model} {Systemic} view across {Societal} {Benefit} {Areas} beyond {Global} {Earth} {Observation}},
	url = {https://github.com/iiasa/Felix-Model/blob/master/Felix3_ModelReport.pdf},
	institution = {IIASA},
	author = {Rydzak, Felicjan and Obersteiner, Michael and Kraxner, Florian and Fritz, Steffen and McCallum, Ian},
	year = {2013},
	pages = {308},
}
